@book{Marker,
    author    	= "Marker, David",
    year      	= "2002",
    title     	= "Model Theory: An Introduction",
    publisher 	= "Springer-Verlag",
}

@book{ChangKeisler,
    author    	= "Chang, C. C. and Keisler, H. J",
    year      	= "2012",
    title     	= "Model Theory",
    edition		= "Third",
    publisher 	= "Dover Publications",
}

@book{Wang,
    author    	= "Wang, Hao",
    year      	= "1983",
    edition		= "Second",
    title     	= "From Mathematics to Philosophy",
    publisher 	= "Philosophy of Mathematics: selected readings. Cambridge University Press",
}

@book{Hilbert,
    author    	= "Hilbert, David",
    year      	= "1983",
    edition		= "Second",
    title     	= "On the Infinite",
    publisher 	= "Philosophy of Mathematics: selected readings. Cambridge University Press",
}

@book{Devlin,
    author    	= "Devlin, Keith J.",
    year      	= "1984",
    title     	= "Constructibility",
    publisher 	= "Springer-Verlag",
}

@article{Mathias,
    author  = "Mathias, A. R. D.",
    title   = "Weak Systems of {G}andy, {J}ensen and {D}evlin",
    year    = "2003-2004",
    journal = "Set Theory, Centre de Recerca Matem√†tica, Barcelona",
    pages   = "149--224"
}

@article{Stanley,
    author  = "Stanley, Lee J.",
    title   = "Review: Constructibility by {K}eith {D}evlin",
    year    = "1987",
    journal = "The Journal of Symbolic Logic",
    volume	= "52",
    number	= "3",
    pages   = "864--867"
}

@book{Jech,
    author    	= "Jech, Thomas",
    year      	= "2003",
    edition		= "Third",
    title     	= "Set Theory",
    publisher 	= "Springer-Verlag",
}

@book{Kanamori,
    author    	= "Kanamori, Akihiro",
    year      	= "2009",
    edition		= "Second",
    title     	= "The Higher Infinite",
    publisher 	= "Springer-Verlag",
}

@article{KanamoriMagidor,
    author  	= "Kanamori, K. and Magidor, M.",
    title		= "The evolution of large cardinal axioms in set theory",
    journal   	= "Higher set theory",
    year		= "1978",
    volume		= "669",
    pages		= "99--275"
}